<record><leader>00000cas a22000007a 4500</leader><controlfield tag="001">18718882</controlfield><controlfield tag="008">881107d1948195unyuwr ne      0    0eng d</controlfield><datafield ind1=" " ind2=" " tag="010"><subfield code="a">sn 88074872 </subfield></datafield><datafield ind1=" " ind2=" " tag="040"><subfield code="a">NYS</subfield><subfield code="b">eng</subfield><subfield code="c">NYS</subfield><subfield code="d">OCLCQ</subfield></datafield><datafield ind1=" " ind2=" " tag="042"><subfield code="a">msc</subfield></datafield><datafield ind1="0" ind2=" " tag="130"><subfield code="a">Sacandaga monitor (Broadalbin, N.Y. : 1948)</subfield></datafield><datafield ind1="1" ind2="0" tag="245"><subfield code="a">Sacandaga monitor.</subfield></datafield><datafield ind1=" " ind2=" " tag="260"><subfield code="a">Broadalbin, N.Y. :</subfield><subfield code="b">Adirondack Press</subfield></datafield><datafield ind1=" " ind2=" " tag="300"><subfield code="a">v.</subfield></datafield><datafield ind1=" " ind2=" " tag="310"><subfield code="a">Weekly</subfield></datafield><datafield ind1="0" ind2=" " tag="362"><subfield code="a">Vol. 1, no. 1 (Feb. 26, 1948)-</subfield></datafield><datafield ind1=" " ind2=" " tag="515"><subfield code="a">Suspended &lt;May 19-June 9, 1949&gt;.</subfield></datafield><datafield ind1=" " ind2=" " tag="515"><subfield code="a">July 21, 1949 issue misdated July 14, 1949.</subfield></datafield><datafield ind1=" " ind2="4" tag="651"><subfield code="a">Broadalbin (N.Y.)</subfield><subfield code="v">Newspapers.</subfield></datafield><datafield ind1=" " ind2="4" tag="651"><subfield code="a">Fulton County (N.Y.)</subfield><subfield code="v">Newspapers.</subfield></datafield><datafield ind1=" " ind2=" " tag="752"><subfield code="a">United States</subfield><subfield code="b">New York</subfield><subfield code="c">Fulton</subfield><subfield code="d">Broadalbin.</subfield></datafield></record>